@article{rock2004,
	author={ Rockafellar, R.T. and Wets, R.J.B.},
	title={Scenarios and policy aggregation in optimization under
	uncertainty},
	journal={Mathematics of Operations Research},
	volume={16},
	number={1},
	pages={119--147},
	year={2004},
	publisher={Pubs OnLine}
}

 
@article{gade2016obtaining,
  title={Obtaining lower bounds from the progressive hedging algorithm for stochastic mixed-integer programs},
  author={Gade, Dinakar and Hackebeil, Gabriel and Ryan, Sarah M and Watson, Jean-Paul and Wets, Roger J-B and Woodruff, David L},
  journal={Mathematical Programming},
  volume={157},
  number={1},
  pages={47--67},
  year={2016},
  publisher={Springer}
}

@article{escu2015,
		author={Escudero, L. F. and Gar{\'i}n, M. A. and Unzueta, A.},
		title={Cluster {L}agrangean decomposition in multistage stochastic optimization},
		journal={Computers and Operations Research},
		volume={67},
		number={2016},
		pages={48--62},
		year={2016},
		publisher={Elsevier}	
	}
	
@article{rock1991,
	author = {R. T. Rockafellar and Roger J.-B. Wets},
	title = {Scenarios and Policy Aggregation in Optimization Under Uncertainty},
	journal = {Mathematics of Operations Research},
	volume = {16},
	number = {1},
	pages = {119-147},
	year = {1991},
	abstract = { A common approach in coping with multiperiod optimization problems under uncertainty where statistical information is not really enough to support a stochastic programming model, has been to set up and analyze a number of scenarios. The aim then is to identify trends and essential features on which a robust decision policy can be based. This paper develops for the first time a rigorous algorithmic procedure for determining such a policy in response to any weighting of the scenarios. The scenarios are bundled at various levels to reflect the availability of information, and iterative adjustments are made to the decision policy to adapt to this structure and remove the dependence on hindsight. }
}

@article{boland2018combining,
  title={Combining Progressive Hedging with a Frank--Wolfe Method to Compute Lagrangian Dual Bounds in Stochastic Mixed-Integer Programming},
  author={Boland, Natashia and Christiansen, Jeffrey and Dandurand, Brian and Eberhard, Andrew and Linderoth, Jeff and Luedtke, James and Oliveira, Fabricio},
  journal={SIAM Journal on Optimization},
  volume={28},
  number={2},
  pages={1312--1336},
  year={2018},
  publisher={SIAM}
}

@misc{zolan2019microgrid,
	title = {Decomposing loosely coupled mixed-integer programs for optimal microgrid design},
	year = "2019",
	author = "A.J. Zolan and M.S. Scioletti and D.P. Morton and A.M. Newman",
	note = "Submitted for publication"
}

@article{ding2018multi,
  title={Multi-stage stochastic programming with nonanticipativity constraints for expansion of combined power and natural gas systems},
  author={Ding, Tao and Hu, Yuan and Bie, Zhaohong},
  journal={IEEE Transactions on Power Systems},
  volume={33},
  number={1},
  pages={317--328},
  year={2018},
  publisher={IEEE}
}

@article{fernandez1996role,
  title={The role of the nonanticipativity constraint in commercial software for stochastic project scheduling},
  author={Fernandez, Abel A and Armacost, Robert L and Pet-Edwards, Julia JA},
  journal={Computers \& Industrial Engineering},
  volume={31},
  number={1-2},
  pages={233--236},
  year={1996},
  publisher={Elsevier}
}

@article{ahmed2017nonanticipative,
  title={Nonanticipative duality, relaxations, and formulations for chance-constrained stochastic programs},
  author={Ahmed, Shabbir and Luedtke, James and Song, Yongjia and Xie, Weijun},
  journal={Mathematical Programming},
  volume={162},
  number={1-2},
  pages={51--81},
  year={2017},
  publisher={Springer}
}

@article{takriti1996stochastic,
  title={A stochastic model for the unit commitment problem},
  author={Takriti, Samer and Birge, John R and Long, Erik},
  journal={IEEE Transactions on Power Systems},
  volume={11},
  number={3},
  pages={1497--1508},
  year={1996},
  publisher={IEEE}
}

@article{philpott2000hydro,
  title={Hydro-electric unit commitment subject to uncertain demand},
  author={Philpott, Andrew B and Craddock, Mark and Waterer, Hamish},
  journal={European Journal of Operational Research},
  volume={125},
  number={2},
  pages={410--424},
  year={2000},
  publisher={Elsevier}
}
%%%%%%%%%%%%%%% Seun's Stuff
@techreport{cotrell2003modeling,
	title={Modeling the Feasibility of Using Fuel Cells and Hydrogen Internal Combustion Engines in Remote Renewable Energy Systems},
	author={Cotrell, Jason and Pratt, Will},
	year={2003},
	institution={National Renewable Energy Lab., Golden, CO.(US)}
}



@techreport{givler2005using,
	title={Using HOMER Software, NREL's Micropower Optimization Model, to Explore the Role of Gen-sets in Small Solar Power Systems; Case Study: Sri Lanka},
	author={Givler, Todd and Lilienthal, Peter},
	year={2005},
	institution={National Renewable Energy Lab., Golden, CO (US)}
}



@article{khan2005pre,
  title={Pre-Feasibility Study of Stand-Alone Hybrid Energy Systems for Applications in Newfoundland},
  author={Khan, MJ and Iqbal, MT},
  journal={Renewable Energy},
  volume={30},
  number={6},
  pages={835--854},
  year={2005},
  publisher={Elsevier}
}


@article{georgilakis2005state,
  title={State-of-the-art of Decision Support Systems for the Choice of Renewable Energy Sources for Energy Supply in Isolated Regions},
  author={Georgilakis, Pavlos S},
  journal={International Journal of Distributed Energy Resources},
  volume={2},
  number={2},
  pages={129--150},
  year={2005}
}


@article{boait2006optimisation,
  title={Optimisation of consumer benefits from microCombined Heat and Power},
  author={Boait, Peter John and Rylatt, RM and Stokes, Melody},
  journal={Energy and Buildings},
  volume={38},
  number={8},
  pages={981--987},
  year={2006},
  publisher={Elsevier}
}


@article{medrano2008integration,
  title={Integration of distributed generation systems into generic types of commercial buildings in California},
  author={Medrano, M and Brouwer, J and McDonell, V and Mauzey, J and Samuelsen, S},
  journal={Energy and Buildings},
  volume={40},
  number={4},
  pages={537--548},
  year={2008},
  publisher={Elsevier}
}


@article{mago2010evaluation,
  title={Evaluation of a turbine driven CCHP system for large office buildings under different operating strategies},
  author={Mago, Pedro J and Hueffed, Anna K},
  journal={Energy and Buildings},
  volume={42},
  number={10},
  pages={1628--1636},
  year={2010},
  publisher={Elsevier}
}


@article{nosrat2011dispatch,
  title={Dispatch strategy and model for hybrid photovoltaic and trigeneration power systems},
  author={Nosrat, Amir and Pearce, Joshua M},
  journal={Applied Energy},
  volume={88},
  number={9},
  pages={3270--3276},
  year={2011},
  publisher={Elsevier}
}


@article{burer2003multi,
  title={Multi-criteria optimization of a district cogeneration plant integrating a solid oxide fuel cell--gas turbine combined cycle, heat pumps and chillers},
  author={Burer, M and Tanaka, K and Favrat, D and Yamada, Koichi},
  journal={Energy},
  volume={28},
  number={6},
  pages={497--518},
  year={2003},
  publisher={Elsevier}
}


@article{kong2005energy,
  title={Energy optimization model for a CCHP system with available gas turbines},
  author={Kong, XQ and Wang, RZ and Huang, XH},
  journal={Applied Thermal Engineering},
  volume={25},
  number={2-3},
  pages={377--391},
  year={2005},
  publisher={Elsevier}
}


@article{xu2006elitist,
  title={The elitist non-dominated sorting GA for multi-objective optimization of standalone hybrid wind/PV power systems},
  author={Xu, Daming and Kang, Longyun and Cao, Binggang},
  journal={Int J Appl Sci},
  volume={6},
  number={9},
  pages={2000--2005},
  year={2006}
}


@article{subbaraj2009enhancement,
  title={Enhancement of combined heat and power economic dispatch using self adaptive real-coded genetic algorithm},
  author={Subbaraj, P and Rengaraj, R and Salivahanan, S},
  journal={Applied energy},
  volume={86},
  number={6},
  pages={915--921},
  year={2009},
  publisher={Elsevier}
}


@article{kayo2010building,
  title={Building energy system optimizations with utilization of waste heat from cogenerations by means of genetic algorithm},
  author={Kayo, Genku and Ooka, Ryozo},
  journal={Energy and Buildings},
  volume={42},
  number={7},
  pages={985--991},
  year={2010},
  publisher={Elsevier}
}


@article{siddiqui2004optimal,
  title={Optimal selection of on-site generation with combined heat and power applications},
  author={Siddiqui, Afzal S and Marnay, Chris and Bailey, Owen and Hamachi LaCommare, Kristina},
  year={2004}
}


@article{siddiqui2005effects,
  title={Effects of carbon tax on microgrid combined heat and power adoption},
  author={Siddiqui, Afzal S and Marnay, Chris and Edwards, Jennifer L and Firestone, Ryan and Ghosh, Srijay and Stadler, Michael},
  journal={Journal of Energy Engineering},
  volume={131},
  number={1},
  pages={2--25},
  year={2005},
  publisher={American Society of Civil Engineers}
}


@article{siddiqui2007distributed,
  title={Distributed generation with heat recovery and storage},
  author={Siddiqui, Afzal S and Marnay, Chris and Firestone, Ryan M and Zhou, Nan},
  journal={Journal of Energy Engineering},
  volume={133},
  number={3},
  pages={181--210},
  year={2007},
  publisher={American Society of Civil Engineers}
}


@article{beihong2006optimal,
  title={An optimal sizing method for cogeneration plants},
  author={Beihong, Zhang and Weiding, Long},
  journal={Energy and Buildings},
  volume={38},
  number={3},
  pages={189--195},
  year={2006},
  publisher={Elsevier}
}


@article{weber2006optimization,
  title={Optimization of an SOFC-based decentralized polygeneration system for providing energy services in an office-building in T{\=o}ky{\=o}},
  author={Weber, C{\'e}line and Mar{\'e}chal, Fran{\c{c}}ois and Favrat, Daniel and Kraines, Steven},
  journal={Applied Thermal Engineering},
  volume={26},
  number={13},
  pages={1409--1419},
  year={2006},
  publisher={Elsevier}
}

@article{oh2007economic,
  title={Economic evaluation for adoption of cogeneration system},
  author={Oh, Si-Doek and Oh, Hoo-Suk and Kwak, Ho-Young},
  journal={Applied Energy},
  volume={84},
  number={3},
  pages={266--278},
  year={2007},
  publisher={Elsevier}
}



@article{stadler2009integrated,
	title={Integrated building energy systems design considering storage technologies},
	author={Stadler, Michael},
	year={2009}
}


@article{ren2010milp,
  title={A MILP model for integrated plan and evaluation of distributed energy systems},
  author={Ren, Hongbo and Gao, Weijun},
  journal={Applied Energy},
  volume={87},
  number={3},
  pages={1001--1014},
  year={2010},
  publisher={Elsevier}
}


@article{ren2010multi,
  title={Multi-objective optimization for the operation of distributed energy systems considering economic and environmental aspects},
  author={Ren, Hongbo and Zhou, Weisheng and Nakagami, Ken’ichi and Gao, Weijun and Wu, Qiong},
  journal={Applied Energy},
  volume={87},
  number={12},
  pages={3642--3651},
  year={2010},
  publisher={Elsevier}
}


@article{pruitt2014mixed,
  title={A mixed-integer nonlinear program for the optimal design and dispatch of distributed generation systems},
  author={Pruitt, Kristopher A and Leyffer, Sven and Newman, Alexandra M and Braun, Robert J},
  journal={Optimization and Engineering},
  volume={15},
  number={1},
  pages={167--197},
  year={2014},
  publisher={Springer}
}

@article{braun2013application,
	title={Application of SOFCs in combined heat, cooling and power systems},
	author={Braun, RJ and Kazempoor, P},
	journal={Solid Oxide Fuel Cells},
	pages={327--382},
	year={2013}
}

@article{pruitt2013evaluating,
	title={Evaluating shortfalls in mixed-integer programming approaches for the optimal design and dispatch of distributed generation systems},
	author={Pruitt, Kristopher A and Braun, Robert J and Newman, Alexandra M},
	journal={Applied Energy},
	volume={102},
	pages={386--398},
	year={2013},
	publisher={Elsevier}
}



@article{pandvzic2013virtual,
  title={Virtual power plant mid-term dispatch optimization},
  author={Pand{\v{z}}i{\'c}, Hrvoje and Kuzle, Igor and Capuder, Tomislav},
  journal={Applied Energy},
  volume={101},
  pages={134--141},
  year={2013},
  publisher={Elsevier}
}



@article{bianchi2012guidelines,
  title={Guidelines for residential micro-CHP systems design},
  author={Bianchi, Michele and De Pascale, Andrea and Spina, Pier Ruggero},
  journal={Applied Energy},
  volume={97},
  pages={673--685},
  year={2012},
  publisher={Elsevier}
}


@article{bianchi2013performance,
  title={Performance analysis of an integrated CHP system with thermal and Electric Energy Storage for residential application},
  author={Bianchi, M and De Pascale, A and Melino, F},
  journal={Applied Energy},
  volume={112},
  pages={928--938},
  year={2013},
  publisher={Elsevier}
}


@article{thorin2005long,
  title={Long-term optimization of cogeneration systems in a competitive market environment},
  author={Thorin, Eva and Brand, Heike and Weber, Christoph},
  journal={Applied Energy},
  volume={81},
  number={2},
  pages={152--169},
  year={2005},
  publisher={Elsevier}
}


@article{ma2013generic,
  title={Generic model of a community-based microgrid integrating wind turbines, photovoltaics and CHP generations},
  author={Ma, Xiandong and Wang, Yifei and Qin, Jianrong},
  journal={Applied energy},
  volume={112},
  pages={1475--1482},
  year={2013},
  publisher={Elsevier}
}


@article{ghadikolaei2012integrated,
  title={Integrated day-ahead and hour-ahead operation model of discos in retail electricity markets considering DGs and CO2 emission penalty cost},
  author={Ghadikolaei, Hadi Moghimi and Tajik, Elham and Aghaei, Jamshid and Charwand, Mansour},
  journal={Applied energy},
  volume={95},
  pages={174--185},
  year={2012},
  publisher={Elsevier}
}


@article{stambouli2002solid,
  title={Solid oxide fuel cells (SOFCs): a review of an environmentally clean and efficient source of energy},
  author={Stambouli, A Boudghene and Traversa, E},
  journal={Renewable and sustainable energy reviews},
  volume={6},
  number={5},
  pages={433--455},
  year={2002},
  publisher={Elsevier}
}


@article{hawkes2006techno,
  title={Techno-economic modelling of a solid oxide fuel cell stack for micro combined heat and power},
  author={Hawkes, AD and Aguiar, P and Hernandez-Aramburo, CA and Leach, MA and Brandon, NP and Green, TC and Adjiman, CS},
  journal={Journal of Power Sources},
  volume={156},
  number={2},
  pages={321--333},
  year={2006},
  publisher={Elsevier}
}


@article{braun2010techno,
  title={Techno-economic optimal design of solid oxide fuel cell systems for micro-combined heat and power applications in the US},
  author={Braun, Robert J},
  journal={Journal of Fuel Cell Science and Technology},
  volume={7},
  number={3},
  pages={031018},
  year={2010},
  publisher={American Society of Mechanical Engineers}
}


@article{energyplus2009getting,
  title={Getting started with EnergyPlus: Basic concepts manual-essential information you need about running EnergyPlus},
  author={EnergyPlus},
  year={2009}
}


@article{deru2011us,
  title={US Department of Energy commercial reference building models of the national building stock},
  author={Deru, Michael and Field, Kristin and Studer, Daniel and Benne, Kyle and Griffith, Brent and Torcellini, Paul and Liu, Bing and Halverson, Mark and Winiarski, Dave and Rosenberg, Michael and others},
  year={2011},
  publisher={National Renewable Energy Laboratory}
}

@misc{sce2011, 
	title={Schedule TOU-GS-3}, 
	author={Southern California Edison}, 
	year={2010}
}

@misc{scgc2011, 
	title={Schedule G-10}, 
	author={Southern California Gas Company}, 
	year={2010}
}


@misc{wepc2011, 
	title={Electric Rates Cg 3}, 
	author={Wisconsin Electric Power Company}, 
	year={2010}
}


@misc{wego2011, 
	title={Firm Sales Service x-100}, 
	author={Wisconsin Electric-Gas Operations}, 
	year={2010}
}


@misc{energy2006state,
	title={State Electricity Profiles 2010},
	author={Energy Information Administration (EIA)},
	year={2006},
	publisher={US Department of Energy}
}

@misc{eiagas2012, 
	title={Natural Gas Annual 2010}, 
	author={Energy Information Administration (EIA)}, 
	year={2011},
	publisher={US Department of Energy}
}


@article{rose2009freeing,
	title={Freeing the Grid: Best and Worst Practices in State Net Metering Policies and Interconnection Procedures},
	author={Rose, James and Chapman, Shaun},
	journal={Network for New Energy Choices},
	year={2009}
}


@misc{natgas2011, 
	title={Natural Gas and the environment}, 
	author={NaturalGas.org}, 
	year={2011}
}


@article{today2011fuel,
  title={The fuel cell today industry review 2011},
  author={Today, Fuel Cell},
  journal={Corporate report< www. fuelcelltoday. com},
  year={2011}
}

@misc{ddi2012, 
	title={Natural Gas Annual 2010}, 
	author={DDI Energy ARC Solid Oxide Fuel Cell(SOFC) Electric Generation System Information}, 
	year={2012}
}



@inproceedings{nanjou2012commercialization,
  title={Commercialization of SOFC micro-CHP in the Japanese market},
  author={Nanjou, A},
  booktitle={Proceedings of the 10th European SOFC forum, Luzern, Switzerland},
  pages={26--30},
  year={2012}
}


@inproceedings{driscoll2012status,
	title={The status of SOFC programs in USA},
	author={Driscoll, D and White, B},
	booktitle={Proceedings of the 10th European SOFC forum, Luzern, Switzerland},
	pages={26--30},
	year={2012}
}



@article{gerdes2009integrated,
  title={Integrated gasification fuel cell performance and cost assessment},
  author={Gerdes, Kristin and Grol, E and Keairns, D and Newby, R},
  journal={National Energy Technology Laboratory, US Department of Energy},
  pages={1--26},
  year={2009}
}

@misc{scioletti2015design,
	title={Design and dispatch of a hybrid power generation system for remote locations},
	author={Scioletti, Michael and Goodman, Johanna S and Newman, Alexandra M and Leyffer, S},
	year={2015},
	publisher={Submitted}
}
